@book{texbook,
  author =    "Knuth, Donald E.",
  title =     "The TeXbook",
  year =      "1986",
  isbn =      "0201134470",
  publisher = "Addison-Wesley Professional"
}

@book{latex,
  author =    "Leslie Lamport" ,
  title =     "\LaTeX: A Document Preparation System" ,
  publisher = "Addison--Wesley Pub.\ Co." ,
  year =      "1986" ,
  address =   "Reading, MA"
}

@Article{koch,
  author =     "H. {von Koch}",
  title =      "Sur une courbe continue sans tangente, obtenue par une construction g\'eom\'etrique \'el\'ementaire.",
  fjournal =   "Arkiv f√∂r Matematik, Astronomi och Fysik",
  journal =    "Ark. Mat. Astron. Fys.",
  issn =       "0365-4133",
  volume =     "1",
  pages =      "681--702",
  year =       "1904",
  publisher =  "Kungliga Svenska Vetenskapsakademien, Stockholm",
  language =   "French",
  msc2010 =    "26A27 28A80",
  zbl =        "35.0387.02"
}
